% Encoding: UTF-8
@entry{lórem,
  name = {lórem},
  description = {ipsum}
}

@entry{ðolor,
  name = {ðolor},
  description = {sit}
}

@entry{amèt,
  name = {amèt},
  description = {consectetuer}
}

@entry{ádipiscing,
  name = {ádipiscing},
  description = {elit}
}

@entry{üt,
  name = {üt},
  description = {purus}
}

@entry{ełit,
  name = {ełit},
  description = {vestibulum}
}

@entry{placeràt,
  name = {placeràt},
  description = {ac}
}

@entry{vitæ,
  name = {vitæ},
  description = {felis}
}

@entry{curabítur,
  name = {curabítur},
  description = {gravida}
}

@entry{maüris,
  name = {maüris},
  description = {nam}
}

@entry{arçu,
  name = {arçu},
  description = {libero}
}

@entry{nonummÿ,
  name = {nonummÿ},
  description = {eget}
}

@entry{çonsectetuer,
  name = {çonsectetuer},
  description = {id}
}

@entry{vulputâte,
  name = {vulputâte},
  description = {a magna}
}

@entry{donéc,
  name = {donéc},
  description = {vehicula}
}

@entry{aügue,
  name = {aügue},
  description = {eu neque}
}

@entry{pellentesqué,
  name = {pellentesqué},
  description = {habitant}
}

@entry{morbí,
  name = {morbí},
  description = {tristique}
}

@entry{sénectus,
  name = {sénectus},
  description = {et netus}
}

@entry{ét,
  name = {ét},
  description = {malesuada}
}

@entry{famés,
  name = {famés},
  description = {ac}
}

@entry{türpis,
  name = {türpis},
  description = {egestas}
}

@entry{léo,
  name = {léo},
  description = {cras}
}

@entry{vîverra,
  name = {vîverra},
  description = {metus}
}

@entry{rhonçus,
  name = {rhonçus},
  description = {sem}
}

@entry{nullá,
  name = {nullá},
  description = {et}
}

@entry{lectùs,
  name = {lectùs},
  description = {vestibulum}
}

@entry{ürna,
  name = {ürna},
  description = {fringilla}
}

@entry{ultrïces,
  name = {ultrïces},
  description = {phasellus}
}

@entry{eû,
  name = {eû},
  description = {tellus}
}

@entry{sït,
  name = {sït},
  description = {amet}
}

@entry{tôrtor,
  name = {tôrtor},
  description = {gravida}
}

@entry{intéger,
  name = {intéger},
  description = {sapien}
}

@entry{ést,
  name = {ést},
  description = {iaculis}
}

@entry{ïn,
  name = {ïn},
  description = {pretium}
}

@entry{quiß,
  name = {quiß},
  description = {viverra}
}

@entry{aç,
  name = {aç},
  description = {nunc}
}

@entry{præsent,
  name = {præsent},
  description = {eget}
}

@entry{sêm,
  name = {sêm},
  description = {vel leo}
}

@entry{bîbendum,
  name = {bîbendum},
  description = {ultrices}
}

@entry{ænean,
  name = {ænean},
  description = {faucibus}
}

@entry{mælesuada,
  name = {mælesuada},
  description = {eu}
}

@entry{pülvinar,
  name = {pülvinar},
  description = {at}
}

@entry{mollïs,
  name = {mollïs},
  description = {ac nulla}
}

@entry{áuctor,
  name = {áuctor},
  description = {semper}
}

@entry{variüs,
  name = {variüs},
  description = {orci}
}

@entry{éget,
  name = {éget},
  description = {risus}
}

@entry{duïs,
  name = {duïs},
  description = {nibh}
}

@entry{mï,
  name = {mï},
  description = {congue}
}

@entry{accumsàn,
  name = {accumsàn},
  description = {eleifend}
}

@entry{sagittïs,
  name = {sagittïs},
  description = {quis}
}

@entry{dïam,
  name = {dïam},
  description = {duis}
}

@entry{orçi,
  name = {orçi},
  description = {dignissim}
}

