@entry{longsedmattis,
  name = {sed mattis},
  description = {erat sit amet dolor sit amet, consectetuer adipiscing elit. Ut purus
elit, vestibulum ut, placerat ac, adipiscing vitae, felis. Curabitur
dictum gravida mauris.}
}

@entry{longgravida,
  parent = {longsedmattis},
  name = {gravida},
  description = {malesuada libero, nonummy eget, consectetuer id, vulputate a, magna. Donec
vehicula augue eu neque. Pellentesque habitant morbi tristique
senectus et netus et malesuada fames ac turpis egestas. Mauris ut
leo.}
}

@entry{longelitaugue,
  parent = {longsedmattis},
  name = {elit augue},
  description = {egestas diam metus rhoncus sem. Nulla et lectus vestibulum
urna fringilla ultrices.  Phasellus eu tellus sit amet tortor gravida
placerat.}
}

@entry{longtempus,
  parent = {longsedmattis},
  name = {tempus},
  description = {scelerisque est, iaculis in, pretium quis, viverra ac,
nunc. Praesent eget sem vel leo ultrices bibendum. Aenean
faucibus.}
}

@entry{longnunc,
  name = {nunc},
  description = {nisl vitae nulla, malesuada eu, pulvinar at, mollis ac, nulla.
Curabitur auctor semper nulla. Donec varius orci eget risus. Duis
nibh mi, congue eu, accumsan eleifend, sagittis quis, diam. Duis
eget orci sit amet orci dignissim rutrum.}
}

@entry{longlibero,
  parent = {longnunc},
  name = {libero},
  description = {sed consequat ligula, fringilla a, euismod sodales,
sollicitudin vel, wisi. Morbi auctor lorem non justo.}
}

@entry{longfeugiat,
  parent = {longnunc},
  name = {feugiat},
  description = {massa libero, pretium at, lobortis vitae, ultricies et,
tellus. Donec aliquet, tortor sed accumsan bibendum, erat ligula aliquet magna,
vitae ornare odio metus a mi.}
}

@entry{longporta,
  parent = {longnunc},
  name = {porta},
  description = {eros in eleifend orci et nisl hendrerit mollis. Suspendisse ut massa.
Cras nec ante. Pellentesque a nulla.  Cum sociis natoque penatibus
et magnis dis parturient montes, nascetur ridiculus mus.}
}

@entry{longvariuserat,
  parent = {longnunc},
  name = {varius erat},
  description = {leo rutrum dui tincidunt urna. Nulla ullamcorper
vestibulum turpis. Pellentesque cursus luctus mauris.}
}

@entry{longnonconvallis,
  name = {non convallis},
  description = {lectus orci ut nibh porttitor diam. Donec felis erat,
congue non, volutpat at, tincidunt tristique, libero.  Vivamus
viverra fermentum felis.}
}

@entry{longsedlorem,
  parent = {longnonconvallis},
  name = {sedlorem},
  description = {massa pellentesque ante. Phasellus
adipiscing semper elit. Proin fermentum massa ac quam. Sed diam
turpis, molestie vitae, placerat a, molestie nec, leo.}
}

@entry{longnonummyquis,
  parent = {longnonconvallis},
  name = {nonummy
quis},
  description = {egestas id nam ipsum ligula, eleifend at, accumsan nec, suscipit
a, ipsum. Morbi blandit ligula feugiat magna. Nunc eleifend consequat
lorem.}
}

@entry{longcondimentum,
  name = {condimentum},
  description = {at nisl nulla vitae enim. Pellentesque tincidunt purus
vel magna. Integer non enim. Praesent euismod nunc eu purus. Donec
bibendum quam in tellus.}
}

@entry{longmaecenas,
  parent = {longcondimentum},
  name = {maecenas},
  description = {at nibh fringilla a, euismod sodales, sollicitudin vel,
wisi. Morbi auctor lorem non justo. Nam lacus libero, pretium at,
lobortis vitae, ultricies et, tellus. Donec aliquet, tortor sed
accumsan bibendum, erat ligula aliquet magna, vitae ornare odio
metus a mi. Morbi ac orci et nisl hendrerit mollis. Suspendisse ut
massa. Cras nec ante. Pellentesque a nulla.  Cum sociis natoque
penatibus et magnis dis parturient montes, nascetur ridiculus mus.
Aliquam tincidunt urna. Nulla ullamcorper vestibulum turpis.
Pellentesque cursus luctus mauris.}
}

@entry{longaliquamet,
  name = {aliquam et},
  description = {augue felis erat, congue non,
volutpat at, tincidunt tristique, libero.  Vivamus viverra fermentum
felis. Donec nonummy pellentesque ante.}
}

@entry{longatnunc,
  parent = {longaliquamet},
  name = {at nunc},
  description = {pellentesque ullamcorper el justo
vitae lacus tincidunt ultrices. Lorem ipsum dolor sit amet,
consectetuer adipiscing elit.}
}

@entry{longduisnisl,
  parent = {longatnunc},
  name = {duisnisl},
  description = {laoreet suscipit ac venenatis arcu
wisi vel nisl. Vestibulum diam. Aliquam pellentesque, augue quis
sagittis posuere, turpis lacus congue quam, in hendrerit risus eros
eget felis. Maecenas eget erat in sapien mattis porttitor.}
}

@entry{longduisnibh,
  parent = {longatnunc},
  name = {duisnibh},
  description = {convallis ut justo lectus
sagittis dui, et vehicula libero dui cursus dui. Mauris tempor
ligula sed lacus. Duis cursus enim ut augue.  Cras ac magna.}
}

@entry{longrutrum,
  name = {rutrum},
  description = {id, enim elit, rutrum at, molestie non, nonummy vel, nisl. Ut lectus
eros, malesuada sit amet, fermentum eu, sodales cursus, magna. Donec
eu purus. Quisque vehicula, urna sed ultricies auctor, pede lorem
egestas dui, et convallis elit erat sed nulla.}
}

@entry{longphasellus,
  parent = {longrutrum},
  name = {phasellus},
  description = {odio volutpat a, ornare ac, erat.
Morbi quis dolor. Donec pellentesque, erat ac sagittis semper, nunc
dui lobortis purus, quis congue purus metus ultricies tellus. Proin
et quam.}
}

@entry{longnullanulla,
  parent = {longrutrum},
  name = {nulla nulla},
  description = {elit, molestie non wisi viverra faucibus pretium, nibh est placerat odio,
nec commodo wisi enim eget quam. Quisque libero justo, consectetuer
a, feugiat vitae, porttitor eu, libero.}
}

