% Encoding: UTF-8
@entry{sample-a,
  user1 = {A},
  symbol = {\ensuremath{\alpha}},
  user2 = {1},
  name = {a name},
  description = {a description},
  user5 = {25.2020788573521},
  user6 = {1585-11-06},
  user3 = {i},
  user4 = {A-i}
}

@entry{sample-b,
  user1 = {B},
  symbol = {\ensuremath{\beta}},
  user2 = {2},
  name = {b name},
  description = {b description},
  user5 = {45.5028357391029},
  user6 = {1412-06-16},
  user3 = {ii},
  user4 = {B-II}
}

@entry{sample-b-0,
  parent = {sample-b},
  symbol = {\ensuremath{\sigma}},
  user2 = {0},
  name = {b/0 name},
  description = {child 0 of b},
  user4 = {a-i}
}

@entry{sample-b-1,
  parent = {sample-b},
  symbol = {\ensuremath{\eta}},
  user2 = {1},
  name = {b/1 name},
  description = {child 1 of b},
  user5 = {-0.902193400956222},
  user3 = {ix}
}

@entry{sample-b-2,
  parent = {sample-b},
  symbol = {\ensuremath{\partial}},
  name = {b/2 name},
  description = {child 2 of b},
  user6 = {1857-01-23},
  user3 = {vii},
  user4 = {c-ix}
}

@entry{sample-c,
  user1 = {C},
  symbol = {\ensuremath{\gamma}},
  user2 = {3},
  name = {c name},
  description = {c description},
  user5 = {-38.3848347255729},
  user6 = {1277-04-20},
  user3 = {iii},
  user4 = {c-III}
}

@entry{sample-c-0,
  user1 = {F},
  parent = {sample-c},
  symbol = {\ensuremath{\iota}},
  user2 = {0},
  name = {c/0 name},
  description = {child 0 of c},
  user4 = {a-V}
}

@entry{sample-c-1,
  parent = {sample-c},
  symbol = {\ensuremath{\sigma_{0}}},
  name = {c/1 name},
  description = {child 1 of c},
  user3 = {vi},
  user4 = {B-I}
}

@entry{sample-c-2,
  parent = {sample-c},
  symbol = {\ensuremath{\psi}},
  name = {c/2 name},
  description = {child 2 of c},
  user4 = {C-ii}
}

@entry{sample-c-3,
  user1 = {U},
  parent = {sample-c},
  symbol = {\ensuremath{\upsilon}},
  user2 = {3},
  name = {c/3 name},
  description = {child 3 of c},
  user3 = {xx},
  user4 = {D-VI}
}

@entry{sample-d,
  user1 = {D},
  symbol = {\ensuremath{\delta}},
  user2 = {4},
  name = {d name},
  description = {d description},
  user5 = {-19.9143632163562},
  user6 = {1205-02-04},
  user3 = {iv},
  user4 = {d-IV}
}

@entry{sample-d-0,
  user1 = {D},
  parent = {sample-d},
  symbol = {\ensuremath{\alpha}},
  user2 = {0},
  name = {d/0 name},
  description = {child 0 of d},
  user3 = {ii}
}

@entry{sample-d-1,
  user1 = {A},
  parent = {sample-d},
  symbol = {\ensuremath{\delta}},
  user2 = {1},
  name = {d/1 name},
  description = {child 1 of d},
  user3 = {ii}
}

@entry{sample-d-2,
  user1 = {W},
  parent = {sample-d},
  symbol = {\ensuremath{\lambda_{3}}},
  user2 = {2},
  name = {d/2 name},
  description = {child 2 of d},
  user5 = {-0.607749542989112},
  user4 = {c-x}
}

@entry{sample-d-3,
  parent = {sample-d},
  symbol = {\ensuremath{\theta}},
  user2 = {3},
  name = {d/3 name},
  description = {child 3 of d}
}

@entry{sample-d-4,
  parent = {sample-d},
  symbol = {\ensuremath{\vartheta}},
  user2 = {4},
  name = {d/4 name},
  description = {child 4 of d},
  user5 = {0.837394196049765},
  user3 = {ii},
  user4 = {E-vi}
}

@entry{sample-e,
  user1 = {E},
  symbol = {\ensuremath{\epsilon}},
  user2 = {5},
  name = {e name},
  description = {e description},
  user5 = {33.9955092348848},
  user6 = {1911-11-30},
  user3 = {v},
  user4 = {e-V}
}

@entry{sample-e-0,
  parent = {sample-e},
  symbol = {\ensuremath{\rho_{1}}},
  name = {e/0 name},
  description = {child 0 of e}
}

@entry{sample-e-1,
  parent = {sample-e},
  symbol = {\ensuremath{\epsilon}},
  user2 = {1},
  name = {e/1 name},
  description = {child 1 of e},
  user3 = {vi}
}

@entry{sample-e-2,
  parent = {sample-e},
  symbol = {\ensuremath{\alpha_{1}}},
  name = {e/2 name},
  description = {child 2 of e},
  user5 = {0.443471941832193},
  user6 = {1478-02-27},
  user3 = {viii},
  user4 = {C-IX}
}

@entry{sample-e-3,
  parent = {sample-e},
  symbol = {\ensuremath{\mu^{3}}},
  user2 = {3},
  name = {e/3 name},
  description = {child 3 of e},
  user5 = {0.48628623899576},
  user3 = {xx}
}

@entry{sample-f,
  user1 = {F},
  symbol = {\ensuremath{\zeta}},
  user2 = {6},
  name = {f name},
  description = {f description},
  user5 = {10.2604280725252},
  user6 = {1593-03-08},
  user3 = {vi},
  user4 = {F-VI}
}

@entry{sample-f-0,
  user1 = {J},
  parent = {sample-f},
  symbol = {\ensuremath{\vartheta_{1}}},
  name = {f/0 name},
  description = {child 0 of f},
  user3 = {ii}
}

@entry{sample-f-1,
  user1 = {I},
  parent = {sample-f},
  symbol = {\ensuremath{\partial_{2}}},
  name = {f/1 name},
  description = {child 1 of f},
  user3 = {viii},
  user4 = {b-iv}
}

@entry{sample-f-2,
  parent = {sample-f},
  symbol = {\ensuremath{\gamma}},
  user2 = {2},
  name = {f/2 name},
  description = {child 2 of f},
  user4 = {C-VIII}
}

@entry{sample-f-3,
  parent = {sample-f},
  symbol = {\ensuremath{\zeta}},
  user2 = {3},
  name = {f/3 name},
  description = {child 3 of f},
  user5 = {-0.729404747551726}
}

@entry{sample-g,
  user1 = {G},
  symbol = {\ensuremath{\eta}},
  user2 = {7},
  name = {g name},
  description = {g description},
  user5 = {-6.0636327107396},
  user6 = {1432-09-18},
  user3 = {vii},
  user4 = {G-VII}
}

@entry{sample-g-0,
  parent = {sample-g},
  symbol = {\ensuremath{\psi}},
  user2 = {0},
  name = {g/0 name},
  description = {child 0 of g}
}

@entry{sample-g-1,
  parent = {sample-g},
  name = {g/1 name},
  description = {child 1 of g},
  user4 = {B-v}
}

@entry{sample-g-2,
  parent = {sample-g},
  symbol = {\ensuremath{\nabla_{3}^{2}}},
  user2 = {2},
  name = {g/2 name},
  description = {child 2 of g},
  user6 = {1718-05-25}
}

@entry{sample-g-3,
  user1 = {E},
  parent = {sample-g},
  symbol = {\ensuremath{\phi}},
  name = {g/3 name},
  description = {child 3 of g},
  user6 = {1336-07-06},
  user4 = {d-I}
}

@entry{sample-h,
  user1 = {H},
  symbol = {\ensuremath{\theta}},
  user2 = {8},
  name = {h name},
  description = {h description},
  user5 = {1.16736490031784},
  user6 = {1576-09-11},
  user3 = {viii},
  user4 = {H-VIII}
}

@entry{sample-h-0,
  user1 = {K},
  parent = {sample-h},
  symbol = {\ensuremath{\theta_{1}}},
  user2 = {0},
  name = {h/0 name},
  description = {child 0 of h},
  user3 = {iv},
  user4 = {A-v}
}

@entry{sample-h-1,
  parent = {sample-h},
  symbol = {\ensuremath{o_{3}^{1}}},
  user2 = {1},
  name = {h/1 name},
  description = {child 1 of h}
}

@entry{sample-h-2,
  parent = {sample-h},
  symbol = {\ensuremath{\varsigma}},
  user2 = {2},
  name = {h/2 name},
  description = {child 2 of h},
  user6 = {1794-02-11}
}

@entry{sample-h-3,
  parent = {sample-h},
  symbol = {\ensuremath{\iota}},
  user2 = {3},
  name = {h/3 name},
  description = {child 3 of h},
  user3 = {v},
  user4 = {d-II}
}

@entry{sample-i,
  user1 = {I},
  symbol = {\ensuremath{\iota}},
  user2 = {9},
  name = {i name},
  description = {i description},
  user5 = {-11.3537684013693},
  user6 = {1950-08-02},
  user3 = {ix},
  user4 = {i-IX}
}

@entry{sample-i-0,
  parent = {sample-i},
  symbol = {\ensuremath{\gamma}},
  user2 = {0},
  name = {i/0 name},
  description = {child 0 of i},
  user6 = {1345-03-21},
  user3 = {vi}
}

@entry{sample-i-1,
  parent = {sample-i},
  symbol = {\ensuremath{\kappa_{1}}},
  user2 = {1},
  name = {i/1 name},
  description = {child 1 of i},
  user5 = {-0.590962984569657},
  user4 = {b-ix}
}

@entry{sample-i-2,
  parent = {sample-i},
  user2 = {2},
  name = {i/2 name},
  description = {child 2 of i},
  user4 = {C-IX}
}

@entry{sample-j,
  user1 = {J},
  symbol = {\ensuremath{\kappa}},
  user2 = {10},
  name = {j name},
  description = {j description},
  user5 = {-37.172898553375},
  user6 = {1987-02-07},
  user3 = {x},
  user4 = {j-X}
}

@entry{sample-j-0,
  parent = {sample-j},
  symbol = {\ensuremath{\rho_{0}^{4}}},
  user2 = {0},
  name = {j/0 name},
  description = {child 0 of j},
  user6 = {1707-06-02},
  user3 = {vi},
  user4 = {a-V}
}

@entry{sample-j-1,
  user1 = {A},
  parent = {sample-j},
  symbol = {\ensuremath{\partial_{2}}},
  name = {j/1 name},
  description = {child 1 of j},
  user5 = {0.87706480362074},
  user3 = {i}
}

@entry{sample-j-2,
  parent = {sample-j},
  symbol = {\ensuremath{\omega^{1}}},
  user2 = {2},
  name = {j/2 name},
  description = {child 2 of j},
  user3 = {ii}
}

@entry{sample-k,
  user1 = {K},
  symbol = {\ensuremath{\lambda}},
  user2 = {11},
  name = {k name},
  description = {k description},
  user5 = {-5.42398189163826},
  user6 = {2047-05-26},
  user3 = {i},
  user4 = {k-I}
}

@entry{sample-k-0,
  parent = {sample-k},
  symbol = {\ensuremath{o_{3}}},
  user2 = {0},
  name = {k/0 name},
  description = {child 0 of k},
  user3 = {i},
  user4 = {A-IV}
}

@entry{sample-k-1,
  parent = {sample-k},
  symbol = {\ensuremath{\beta_{3}}},
  name = {k/1 name},
  description = {child 1 of k},
  user5 = {0.232380361266316}
}

@entry{sample-k-2,
  user1 = {B},
  parent = {sample-k},
  symbol = {\ensuremath{\epsilon_{0}}},
  user2 = {2},
  name = {k/2 name},
  description = {child 2 of k},
  user5 = {0.591482454759571},
  user6 = {1105-01-04},
  user3 = {ix}
}

@entry{sample-k-3,
  user1 = {Q},
  parent = {sample-k},
  symbol = {\ensuremath{\varphi_{3}}},
  name = {k/3 name},
  description = {child 3 of k},
  user5 = {-0.0648351546627168},
  user4 = {d-i}
}

@entry{sample-l,
  user1 = {L},
  symbol = {\ensuremath{\lambda}},
  user2 = {12},
  name = {l name},
  description = {l description},
  user5 = {-32.3944783154431},
  user6 = {1167-02-28},
  user3 = {ii},
  user4 = {l-II}
}

@entry{sample-l-0,
  user1 = {M},
  parent = {sample-l},
  symbol = {\ensuremath{\kappa}},
  name = {l/0 name},
  description = {child 0 of l}
}

@entry{sample-l-1,
  user1 = {R},
  parent = {sample-l},
  symbol = {\ensuremath{\upsilon_{2}}},
  name = {l/1 name},
  description = {child 1 of l},
  user5 = {0.17815330584132},
  user6 = {1373-11-27},
  user3 = {iv}
}

@entry{sample-l-2,
  user1 = {I},
  parent = {sample-l},
  symbol = {\ensuremath{\eta_{1}}},
  user2 = {2},
  name = {l/2 name},
  description = {child 2 of l},
  user5 = {0.697423736255566},
  user6 = {1274-01-03},
  user3 = {i},
  user4 = {c-VII}
}

@entry{sample-m,
  user1 = {M},
  symbol = {\ensuremath{\mu}},
  user2 = {13},
  name = {m name},
  description = {m description},
  user5 = {10.7510593632355},
  user6 = {1000-11-20},
  user3 = {iii},
  user4 = {m-iii}
}

@entry{sample-n,
  user1 = {N},
  symbol = {\ensuremath{\nu}},
  user2 = {14},
  name = {n name},
  description = {n description},
  user5 = {-27.709506256878},
  user6 = {1051-06-01},
  user3 = {iv},
  user4 = {N-iv}
}

@entry{sample-n-0,
  parent = {sample-n},
  symbol = {\ensuremath{\epsilon_{4}}},
  user2 = {0},
  name = {n/0 name},
  description = {child 0 of n},
  user5 = {0.154020875680295},
  user6 = {1441-02-03},
  user3 = {iv},
  user4 = {A-VI}
}

@entry{sample-n-1,
  user1 = {E},
  parent = {sample-n},
  symbol = {\ensuremath{\nabla_{3}}},
  name = {n/1 name},
  description = {child 1 of n}
}

@entry{sample-n-2,
  user1 = {E},
  parent = {sample-n},
  symbol = {\ensuremath{\upsilon}},
  user2 = {2},
  name = {n/2 name},
  description = {child 2 of n},
  user5 = {0.569781389654416},
  user3 = {ii}
}

@entry{sample-n-3,
  user1 = {J},
  parent = {sample-n},
  symbol = {\ensuremath{\alpha^{4}}},
  user2 = {3},
  name = {n/3 name},
  description = {child 3 of n}
}

@entry{sample-n-4,
  parent = {sample-n},
  symbol = {\ensuremath{\lambda_{3}}},
  name = {n/4 name},
  description = {child 4 of n},
  user5 = {0.789876283212593},
  user3 = {ii}
}

@entry{sample-o,
  user1 = {O},
  symbol = {\ensuremath{\xi}},
  user2 = {15},
  name = {o name},
  description = {o description},
  user5 = {-2.19251796377407},
  user6 = {1471-05-19},
  user3 = {v},
  user4 = {O-V}
}

@entry{sample-o-0,
  parent = {sample-o},
  symbol = {\ensuremath{\varepsilon_{1}}},
  name = {o/0 name},
  description = {child 0 of o},
  user3 = {i},
  user4 = {A-I}
}

@entry{sample-o-1,
  parent = {sample-o},
  user2 = {1},
  name = {o/1 name},
  description = {child 1 of o},
  user5 = {0.0347678723268814},
  user3 = {ix}
}

@entry{sample-o-2,
  parent = {sample-o},
  symbol = {\ensuremath{\delta_{1}}},
  user2 = {2},
  name = {o/2 name},
  description = {child 2 of o},
  user5 = {-0.240470091193039}
}

@entry{sample-o-3,
  user1 = {F},
  parent = {sample-o},
  symbol = {\ensuremath{\nu_{0}}},
  name = {o/3 name},
  description = {child 3 of o},
  user6 = {1792-07-01}
}

@entry{sample-p,
  user1 = {P},
  symbol = {\ensuremath{o}},
  user2 = {16},
  name = {p name},
  description = {p description},
  user5 = {35.2360917818377},
  user6 = {1664-09-11},
  user3 = {vi},
  user4 = {p-VI}
}

@entry{sample-q,
  user1 = {Q},
  symbol = {\ensuremath{\pi}},
  user2 = {17},
  name = {q name},
  description = {q description},
  user5 = {-48.2583741579603},
  user6 = {1369-11-13},
  user3 = {vii},
  user4 = {Q-vii}
}

@entry{sample-q-0,
  parent = {sample-q},
  symbol = {\ensuremath{\beta_{0}}},
  user2 = {0},
  name = {q/0 name},
  description = {child 0 of q},
  user3 = {vi}
}

@entry{sample-q-1,
  parent = {sample-q},
  symbol = {\ensuremath{\alpha_{0}^{1}}},
  user2 = {1},
  name = {q/1 name},
  description = {child 1 of q},
  user5 = {0.148247715337767},
  user4 = {B-X}
}

@entry{sample-r,
  user1 = {R},
  symbol = {\ensuremath{\rho}},
  user2 = {18},
  name = {r name},
  description = {r description},
  user5 = {40.2853631117384},
  user6 = {1286-05-07},
  user3 = {viii},
  user4 = {r-viii}
}

@entry{sample-r-0,
  user1 = {D},
  parent = {sample-r},
  symbol = {\ensuremath{\lambda^{2}}},
  name = {r/0 name},
  description = {child 0 of r},
  user3 = {v}
}

@entry{sample-r-1,
  parent = {sample-r},
  symbol = {\ensuremath{\kappa}},
  user2 = {1},
  name = {r/1 name},
  description = {child 1 of r},
  user4 = {b-II}
}

@entry{sample-r-2,
  parent = {sample-r},
  symbol = {\ensuremath{\tau_{3}}},
  user2 = {2},
  name = {r/2 name},
  description = {child 2 of r},
  user3 = {iv},
  user4 = {C-x}
}

@entry{sample-r-3,
  user1 = {G},
  parent = {sample-r},
  symbol = {\ensuremath{\varphi_{2}^{3}}},
  user2 = {3},
  name = {r/3 name},
  description = {child 3 of r},
  user5 = {0.277707140049884},
  user6 = {1343-07-04},
  user4 = {D-iii}
}

@entry{sample-s,
  user1 = {S},
  symbol = {\ensuremath{\varsigma}},
  user2 = {19},
  name = {s name},
  description = {s description},
  user5 = {37.6010311283697},
  user6 = {1748-05-28},
  user3 = {ix},
  user4 = {S-IX}
}

@entry{sample-s-0,
  parent = {sample-s},
  symbol = {\ensuremath{\psi_{2}}},
  user2 = {0},
  name = {s/0 name},
  description = {child 0 of s},
  user6 = {1338-03-25}
}

@entry{sample-s-1,
  parent = {sample-s},
  symbol = {\ensuremath{\vartheta^{4}}},
  name = {s/1 name},
  description = {child 1 of s},
  user3 = {iii},
  user4 = {B-vi}
}

@entry{sample-s-2,
  user1 = {S},
  parent = {sample-s},
  symbol = {\ensuremath{\zeta}},
  name = {s/2 name},
  description = {child 2 of s},
  user6 = {1019-07-22},
  user3 = {vi}
}

@entry{sample-s-3,
  parent = {sample-s},
  symbol = {\ensuremath{\psi}},
  name = {s/3 name},
  description = {child 3 of s},
  user5 = {-0.553040742885635},
  user3 = {i},
  user4 = {d-V}
}

@entry{sample-t,
  user1 = {T},
  symbol = {\ensuremath{\sigma}},
  user2 = {20},
  name = {t name},
  description = {t description},
  user5 = {-20.1734366193154},
  user6 = {1899-03-23},
  user3 = {xx},
  user4 = {T-xx}
}

@entry{sample-t-0,
  user1 = {V},
  parent = {sample-t},
  symbol = {\ensuremath{\lambda_{3}^{2}}},
  user2 = {0},
  name = {t/0 name},
  description = {child 0 of t},
  user5 = {-0.391532621914315}
}

@entry{sample-t-1,
  user1 = {F},
  parent = {sample-t},
  symbol = {\ensuremath{\kappa_{0}^{4}}},
  user2 = {1},
  name = {t/1 name},
  description = {child 1 of t},
  user6 = {1374-02-10}
}

@entry{sample-t-2,
  user1 = {Q},
  parent = {sample-t},
  symbol = {\ensuremath{\psi}},
  name = {t/2 name},
  description = {child 2 of t},
  user3 = {viii},
  user4 = {c-III}
}

@entry{sample-t-3,
  user1 = {E},
  parent = {sample-t},
  symbol = {\ensuremath{\lambda^{2}}},
  user2 = {3},
  name = {t/3 name},
  description = {child 3 of t},
  user4 = {D-II}
}

@entry{sample-t-4,
  user1 = {M},
  parent = {sample-t},
  symbol = {\ensuremath{\alpha_{4}}},
  name = {t/4 name},
  description = {child 4 of t},
  user5 = {-0.793735400177958},
  user3 = {vi}
}

@entry{sample-u,
  user1 = {U},
  symbol = {\ensuremath{\tau}},
  user2 = {21},
  name = {u name},
  description = {u description},
  user5 = {-25.6972113945611},
  user6 = {2085-03-10},
  user3 = {i},
  user4 = {u-I}
}

@entry{sample-u-0,
  parent = {sample-u},
  symbol = {\ensuremath{\vartheta}},
  name = {u/0 name},
  description = {child 0 of u},
  user4 = {A-IX}
}

@entry{sample-u-1,
  user1 = {Y},
  parent = {sample-u},
  symbol = {\ensuremath{\varphi}},
  name = {u/1 name},
  description = {child 1 of u},
  user5 = {0.777529065501923},
  user6 = {1615-02-09},
  user3 = {vi}
}

@entry{sample-v,
  user1 = {V},
  symbol = {\ensuremath{\upsilon}},
  user2 = {22},
  name = {v name},
  description = {v description},
  user5 = {1.13418559211489},
  user6 = {1228-10-11},
  user3 = {ii},
  user4 = {V-ii}
}

@entry{sample-v-0,
  parent = {sample-v},
  symbol = {\ensuremath{\varphi_{2}}},
  name = {v/0 name},
  description = {child 0 of v},
  user3 = {i}
}

@entry{sample-v-1,
  user1 = {W},
  parent = {sample-v},
  symbol = {\ensuremath{\tau}},
  name = {v/1 name},
  description = {child 1 of v},
  user4 = {B-ii}
}

@entry{sample-v-2,
  parent = {sample-v},
  symbol = {\ensuremath{\varepsilon_{1}}},
  name = {v/2 name},
  description = {child 2 of v},
  user3 = {ii},
  user4 = {c-IX}
}

@entry{sample-w,
  user1 = {W},
  symbol = {\ensuremath{\phi}},
  user2 = {23},
  name = {w name},
  description = {w description},
  user5 = {26.2263343281809},
  user6 = {1767-03-23},
  user3 = {iii},
  user4 = {W-III}
}

@entry{sample-w-0,
  parent = {sample-w},
  symbol = {\ensuremath{\rho_{2}}},
  name = {w/0 name},
  description = {child 0 of w},
  user3 = {iii}
}

@entry{sample-w-1,
  parent = {sample-w},
  symbol = {\ensuremath{\phi}},
  user2 = {1},
  name = {w/1 name},
  description = {child 1 of w},
  user5 = {0.0183220676669222},
  user3 = {ii}
}

@entry{sample-w-2,
  parent = {sample-w},
  symbol = {\ensuremath{\chi_{0}}},
  name = {w/2 name},
  description = {child 2 of w},
  user4 = {c-i}
}

@entry{sample-x,
  user1 = {X},
  symbol = {\ensuremath{\chi}},
  user2 = {24},
  name = {x name},
  description = {x description},
  user5 = {40.3451424964658},
  user6 = {1923-04-25},
  user3 = {iv},
  user4 = {X-IV}
}

@entry{sample-x-0,
  user1 = {E},
  parent = {sample-x},
  symbol = {\ensuremath{\zeta_{0}^{3}}},
  name = {x/0 name},
  description = {child 0 of x},
  user4 = {a-iii}
}

@entry{sample-x-1,
  user1 = {P},
  parent = {sample-x},
  symbol = {\ensuremath{\varepsilon_{0}}},
  user2 = {1},
  name = {x/1 name},
  description = {child 1 of x},
  user6 = {1534-02-09},
  user3 = {iii},
  user4 = {B-iv}
}

@entry{sample-x-2,
  user1 = {B},
  parent = {sample-x},
  symbol = {\ensuremath{\delta_{0}}},
  name = {x/2 name},
  description = {child 2 of x},
  user3 = {ii}
}

@entry{sample-y,
  user1 = {Y},
  symbol = {\ensuremath{\psi}},
  user2 = {25},
  name = {y name},
  description = {y description},
  user5 = {-23.7637920103467},
  user6 = {2039-01-15},
  user3 = {v},
  user4 = {Y-V}
}

@entry{sample-y-0,
  parent = {sample-y},
  symbol = {\ensuremath{\beta_{0}}},
  user2 = {0},
  name = {y/0 name},
  description = {child 0 of y}
}

@entry{sample-y-1,
  parent = {sample-y},
  symbol = {\ensuremath{\upsilon_{4}}},
  name = {y/1 name},
  description = {child 1 of y},
  user5 = {0.926300787977134},
  user6 = {2037-10-25},
  user4 = {b-iii}
}

@entry{sample-y-2,
  parent = {sample-y},
  symbol = {\ensuremath{\zeta}},
  user2 = {2},
  name = {y/2 name},
  description = {child 2 of y},
  user4 = {c-VIII}
}

@entry{sample-y-3,
  user1 = {Q},
  parent = {sample-y},
  symbol = {\ensuremath{\nu}},
  name = {y/3 name},
  description = {child 3 of y}
}

@entry{sample-y-4,
  user1 = {Q},
  parent = {sample-y},
  symbol = {\ensuremath{\delta_{3}}},
  user2 = {4},
  name = {y/4 name},
  description = {child 4 of y},
  user5 = {0.371448215019761},
  user4 = {E-ii}
}

@entry{sample-z,
  user1 = {Z},
  symbol = {\ensuremath{\omega}},
  user2 = {26},
  name = {z name},
  description = {z description},
  user5 = {16.4806453642409},
  user6 = {1005-06-21},
  user3 = {vi},
  user4 = {Z-vi}
}

@entry{sample-z-0,
  user1 = {U},
  parent = {sample-z},
  symbol = {\ensuremath{\iota_{0}}},
  user2 = {0},
  name = {z/0 name},
  description = {child 0 of z}
}

